[gd_scene load_steps=8 format=2]

[ext_resource path="res://Paddle.gd" type="Script" id=1]
[ext_resource path="res://FSEX300.ttf" type="DynamicFontData" id=2]
[ext_resource path="res://Game.gd" type="Script" id=3]
[ext_resource path="res://Bricks.tscn" type="PackedScene" id=4]

[sub_resource type="DynamicFont" id=1]
size = 72
font_data = ExtResource( 2 )

[sub_resource type="RectangleShape2D" id=2]

[sub_resource type="RectangleShape2D" id=3]
extents = Vector2( 800, 50 )

[node name="Game" type="CanvasLayer"]
script = ExtResource( 3 )
speed_factor = 5

[node name="UI" type="ColorRect" parent="."]
anchor_right = 1.0
anchor_bottom = 1.0
color = Color( 0, 0, 0, 1 )
__meta__ = {
"_edit_use_anchors_": false
}

[node name="Score" type="Label" parent="UI"]
margin_left = 1335.86
margin_top = 11.8108
margin_right = 1587.86
margin_bottom = 84.8108
custom_fonts/font = SubResource( 1 )
text = "000"
align = 2
__meta__ = {
"_edit_use_anchors_": false
}

[node name="Level" type="Label" parent="UI"]
margin_left = 16.0
margin_top = 13.0
margin_right = 126.0
margin_bottom = 86.0
custom_fonts/font = SubResource( 1 )
text = "0"
__meta__ = {
"_edit_use_anchors_": false
}

[node name="Lives_Remaining" type="Label" parent="UI"]
margin_left = 802.0
margin_top = 13.0
margin_right = 1306.0
margin_bottom = 86.0
custom_fonts/font = SubResource( 1 )
text = "III"
align = 2
__meta__ = {
"_edit_use_anchors_": false
}

[node name="Court" type="Node2D" parent="."]

[node name="Wall1" type="StaticBody2D" parent="Court"]
position = Vector2( 800, 0 )
scale = Vector2( 80, 1 )
__meta__ = {
"_edit_group_": true
}

[node name="CollisionShape2D" type="CollisionShape2D" parent="Court/Wall1"]
shape = SubResource( 2 )

[node name="ColorRect" type="ColorRect" parent="Court/Wall1"]
margin_left = -10.0
margin_top = -10.0
margin_right = 10.0
margin_bottom = 10.0
color = Color( 0.439216, 0.439216, 0.439216, 1 )
__meta__ = {
"_edit_use_anchors_": false
}

[node name="Wall2" type="StaticBody2D" parent="Court"]
position = Vector2( 0, 450 )
scale = Vector2( 1, 45 )
__meta__ = {
"_edit_group_": true
}

[node name="CollisionShape2D" type="CollisionShape2D" parent="Court/Wall2"]
shape = SubResource( 2 )

[node name="ColorRect" type="ColorRect" parent="Court/Wall2"]
margin_left = -10.0
margin_top = -10.0
margin_right = 10.0
margin_bottom = 10.0
color = Color( 0.439216, 0.439216, 0.439216, 1 )
__meta__ = {
"_edit_use_anchors_": false
}

[node name="Wall3" type="StaticBody2D" parent="Court"]
position = Vector2( 1600, 450 )
scale = Vector2( 1, 45 )
__meta__ = {
"_edit_group_": true
}

[node name="CollisionShape2D" type="CollisionShape2D" parent="Court/Wall3"]
shape = SubResource( 2 )

[node name="ColorRect" type="ColorRect" parent="Court/Wall3"]
margin_left = -10.0
margin_top = -10.0
margin_right = 10.0
margin_bottom = 10.0
color = Color( 0.439216, 0.439216, 0.439216, 1 )
__meta__ = {
"_edit_use_anchors_": false
}

[node name="Player1" type="KinematicBody2D" parent="."]
position = Vector2( 807, 818 )
scale = Vector2( 12, 1 )
collision_mask = 17
script = ExtResource( 1 )
__meta__ = {
"_edit_group_": true
}

[node name="Ball" type="Node2D" parent="Player1"]
position = Vector2( 0, -20 )
scale = Vector2( 0.0833333, 1 )
__meta__ = {
"_edit_group_": true
}

[node name="ColorRect" type="ColorRect" parent="Player1/Ball"]
margin_left = -10.0
margin_top = -10.0
margin_right = 10.0
margin_bottom = 10.0
__meta__ = {
"_edit_use_anchors_": false
}

[node name="CollisionShape2D" type="CollisionShape2D" parent="Player1"]
shape = SubResource( 2 )

[node name="ColorRect" type="ColorRect" parent="Player1"]
margin_left = -10.0
margin_top = -10.0
margin_right = 10.0
margin_bottom = 10.0
color = Color( 0.807843, 0.807843, 0.807843, 1 )
__meta__ = {
"_edit_use_anchors_": false
}

[node name="Bottom" type="Area2D" parent="."]
position = Vector2( 800, 960 )
__meta__ = {
"_edit_group_": true
}

[node name="CollisionShape2D" type="CollisionShape2D" parent="Bottom"]
shape = SubResource( 3 )

[node name="Bricks" parent="." instance=ExtResource( 4 )]

[connection signal="body_entered" from="Bottom" to="." method="_on_Bottom_body_entered"]
[connection signal="brick_broke" from="Bricks" to="." method="_on_Bricks_brick_broke"]
[connection signal="last_brick_broke" from="Bricks" to="." method="_on_Bricks_last_brick_broke"]
